








@article{doi:10.1021/acsanm.4c06883,
author = {Malhotra, Jaskaran Singh and Dávila Duarte, Clara and Reichert, Per and Krishnan, Deepthy and Sundberg, Jonas},
title = {Quantification of Methane in Water at Parts Per Billion Sensitivity Using a Metal–Organic Framework-Functionalized Quartz Crystal Resonator},
journal = {ACS Applied Nano Materials},
volume = {8},
number = {9},
pages = {4542-4552},
year = {2025},
doi = {10.1021/acsanm.4c06883},

URL = { 
    
        https://doi.org/10.1021/acsanm.4c06883
    
    

},
eprint = { 
    
        https://doi.org/10.1021/acsanm.4c06883
    
    

}

}


